<?xml version="1.0" encoding="UTF-8"?><collection xmlns="http://www.loc.gov/MARC21/slim"><record><leader>00403nam--2200121-i-4500</leader><controlfield tag="001">000005101</controlfield><controlfield tag="002">20161230</controlfield><controlfield tag="005">20161230201026</controlfield><controlfield tag="008">060222s1000------------r-----000-0-eng-d</controlfield><datafield ind1=" " ind2=" " tag="100"><subfield code="a">Belcher, Ronald And Wilson, Cecil L</subfield></datafield><datafield ind1=" " ind2=" " tag="245"><subfield code="a">Inorganic microanalysis qualitative and quanti tative.a short elementary course.2nd edition, new impression 1960</subfield></datafield><datafield ind1=" " ind2=" " tag="260"><subfield code="a">London, Longmans, 1960. Ix + 153 P</subfield></datafield><datafield ind1=" " ind2=" " tag="852"><subfield code="a">15618</subfield></datafield></record></collection>